
@article{berlekampInherentIntractabilityCertain1978,
  title = {On the Inherent Intractability of Certain Coding Problems ({{Corresp}}.)},
  author = {Berlekamp, E. and McEliece, R. and van Tilborg, H.},
  options = {useprefix=true},
  date = {1978-05},
  journaltitle = {IEEE Transactions on Information Theory},
  shortjournal = {IEEE Trans. Inform. Theory},
  volume = {24},
  number = {3},
  pages = {384--386},
  issn = {0018-9448},
  doi = {10.1109/TIT.1978.1055873},
  url = {http://ieeexplore.ieee.org/document/1055873/},
  urldate = {2022-04-11},
  langid = {english},
  file = {/home/niels/Zotero/storage/6X7YN9T7/Berlekamp et al. - 1978 - On the inherent intractability of certain coding p.pdf}
}

@incollection{leeObservationSecurityMcEliece1988,
  title = {An {{Observation}} on the {{Security}} of {{McEliece}}’s {{Public-Key Cryptosystem}}},
  booktitle = {Advances in {{Cryptology}} — {{EUROCRYPT}} ’88},
  author = {Lee, P. J. and Brickell, E. F.},
  editor = {Barstow, D. and Brauer, W. and Brinch Hansen, P. and Gries, D. and Luckham, D. and Moler, C. and Pnueli, A. and Seegmüller, G. and Stoer, J. and Wirth, N. and Günther, Christoph G.},
  date = {1988},
  series = {Lecture {{Notes}} in {{Computer Science}}},
  volume = {330},
  pages = {275--280},
  publisher = {{Springer Berlin Heidelberg}},
  location = {{Berlin, Heidelberg}},
  doi = {10.1007/3-540-45961-8_25},
  url = {http://link.springer.com/10.1007/3-540-45961-8_25},
  urldate = {2022-04-11},
  editorb = {Goos, G. and Hartmanis, J.},
  editorbtype = {redactor},
  isbn = {978-3-540-50251-7 978-3-540-45961-3},
  langid = {english},
  file = {/home/niels/Zotero/storage/LW6HVPZ7/Lee and Brickell - 1988 - An Observation on the Security of McEliece’s Publi.pdf}
}

@article{prangeUseInformationSets1962,
  title = {The Use of Information Sets in Decoding Cyclic Codes},
  author = {Prange, E.},
  date = {1962-09},
  journaltitle = {IEEE Transactions on Information Theory},
  shortjournal = {IEEE Trans. Inform. Theory},
  volume = {8},
  number = {5},
  pages = {5--9},
  issn = {0018-9448},
  doi = {10.1109/TIT.1962.1057777},
  url = {http://ieeexplore.ieee.org/document/1057777/},
  urldate = {2022-04-11},
  langid = {english}
}

@incollection{sternMethodFindingCodewords1989,
  title = {A Method for Finding Codewords of Small Weight},
  booktitle = {Coding {{Theory}} and {{Applications}}},
  author = {Stern, Jacques},
  editor = {Cohen, Gérard and Wolfmann, Jacques},
  date = {1989},
  series = {Lecture {{Notes}} in {{Computer Science}}},
  volume = {388},
  pages = {106--113},
  publisher = {{Springer-Verlag}},
  location = {{Berlin/Heidelberg}},
  doi = {10.1007/BFb0019850},
  url = {http://link.springer.com/10.1007/BFb0019850},
  urldate = {2022-04-11},
  isbn = {978-3-540-51643-9},
  langid = {english},
  file = {/home/niels/Zotero/storage/Z3HGASHT/Stern - 1989 - A method for finding codewords of small weight.pdf}
}


